<?xml version="1.0" encoding="UTF-8"?><collection xmlns="http://www.loc.gov/MARC21/slim"><record><leader>00492nam--2200169-i-4500</leader><controlfield tag="001">000034940</controlfield><controlfield tag="002">20161230</controlfield><controlfield tag="005">20161230201040</controlfield><controlfield tag="008">060222s1000------------r-----000-0-eng-d</controlfield><datafield ind1=" " ind2=" " tag="040"><subfield code="a">IFIN-HH</subfield></datafield><datafield ind1=" " ind2=" " tag="080"><subfield code="a">519.24:543</subfield></datafield><datafield ind1="1" ind2=" " tag="100"><subfield code="a">Nalimov, V.V</subfield></datafield><datafield ind1="1" ind2="0" tag="245"><subfield code="a">The application of mathematical statistics to chemical analysis</subfield><subfield code="b">Translated by prasenjit basu</subfield><subfield code="c">V.v. nalimov</subfield></datafield><datafield ind1=" " ind2=" " tag="260"><subfield code="a">Oxford</subfield><subfield code="b">Pergamon Press</subfield><subfield code="c">1963</subfield></datafield><datafield ind1=" " ind2=" " tag="300"><subfield code="a">IX + 294P</subfield></datafield><datafield ind1=" " ind2=" " tag="852"><subfield code="a">20079</subfield><subfield code="c">519.24</subfield></datafield><datafield ind1=" " ind2=" " tag="CAT"><subfield code="a">Sys</subfield><subfield code="c">20130802</subfield><subfield code="h">135213</subfield></datafield></record></collection>